<record><leader>00000cas a22000007a 4500</leader><controlfield tag="001">12818643</controlfield><controlfield tag="008">851119d19071957wvuwr ne      0    0eng d</controlfield><controlfield tag="009">6116</controlfield><datafield ind1=" " ind2=" " tag="010"><subfield code="a">sn 85059694 </subfield></datafield><datafield ind1=" " ind2=" " tag="040"><subfield code="a">WVC</subfield><subfield code="b">eng</subfield><subfield code="c">WVC</subfield><subfield code="d">DLC</subfield><subfield code="d">OCL</subfield><subfield code="d">OCLCQ</subfield></datafield><datafield ind1=" " ind2=" " tag="042"><subfield code="a">msc</subfield></datafield><datafield ind1="0" ind2=" " tag="130"><subfield code="a">Moorefield examiner (Moorefield, W. Va. : 1907)</subfield></datafield><datafield ind1="0" ind2="4" tag="245"><subfield code="a">The Moorefield examiner.</subfield></datafield><datafield ind1="1" ind2="3" tag="246"><subfield code="a">Moorefield examiner and Hardy County news.</subfield></datafield><datafield ind1=" " ind2=" " tag="260"><subfield code="a">Moorefield, W. Va. :</subfield><subfield code="b">S.A. McCoy,</subfield><subfield code="c">1907-1957.</subfield></datafield><datafield ind1=" " ind2=" " tag="300"><subfield code="a">v.</subfield></datafield><datafield ind1=" " ind2=" " tag="310"><subfield code="a">Weekly</subfield></datafield><datafield ind1="0" ind2=" " tag="362"><subfield code="a">Vol. 10, no. 40 (Aug. 8, 1907)-v. 60, no. 11 (Mar. 13, 1957).</subfield></datafield><datafield ind1=" " ind2=" " tag="752"><subfield code="a">United States</subfield><subfield code="b">West Virginia</subfield><subfield code="c">Hardy</subfield><subfield code="d">Moorefield.</subfield></datafield><datafield ind1="0" ind2="0" tag="780"><subfield code="t">Weekly examiner (Moorefield, W. Va. : 1897)</subfield><subfield code="w">(DLC)sn 85059693</subfield></datafield><datafield ind1="0" ind2="0" tag="785"><subfield code="t">Moorefield examiner and Hardy County news</subfield><subfield code="w">(DLC)sn 8304830</subfield></datafield></record>